<?xml version="1.0" encoding="UTF-8"?><collection xmlns="http://www.loc.gov/MARC21/slim"><record><leader>00435nam--2200157-i-4500</leader><controlfield tag="001">000009563</controlfield><controlfield tag="002">20161230</controlfield><controlfield tag="005">20161230201028</controlfield><controlfield tag="008">060222s1000------------r-----000-0-eng-d</controlfield><datafield ind1=" " ind2=" " tag="080"><subfield code="a">541.49:54.386</subfield></datafield><datafield ind1=" " ind2=" " tag="100"><subfield code="a">Beck, M.T.D.And Chalmers, R.A</subfield></datafield><datafield ind1=" " ind2=" " tag="245"><subfield code="a">Chemistry of complex equilibria</subfield></datafield><datafield ind1=" " ind2=" " tag="260"><subfield code="a">London, Van Nostrand Reinhold Co., 1970 284 P</subfield></datafield><datafield ind1=" " ind2=" " tag="490"><subfield code="a">Progress In Metal Physics</subfield></datafield><datafield ind1=" " ind2=" " tag="700"><subfield code="a">Chalmers,Bruce/S.A.</subfield></datafield><datafield ind1=" " ind2=" " tag="852"><subfield code="a">34229</subfield></datafield></record></collection>